@inproceedings{1994,
  author    = {Ghosh and Reilly},
  booktitle = {1994 Proceedings of the Twenty-Seventh Hawaii International Conference on System Sciences},
  title     = {Credit card fraud detection with a neural-network},
  year      = {1994},
  volume    = {3},
  number    = {},
  pages     = {621-630},
  doi       = {10.1109/HICSS.1994.323314}
}

@inproceedings{Banksim,
  author    = {Lopez-Rojas, Edgar Alonso and Axelsson, Stefan},
  booktitle = {26th European Modeling and Simulation Symposium, EMSS 2014},
  year      = {2014},
  month     = {09},
  pages     = {},
  title     = {BankSim: A Bank Payment Simulation for Fraud Detection Research}
}

@misc{Federal_Reserve_2023,
  title   = {Federal Reserve Payments Study (FRPS)},
  url     = {https://www.federalreserve.gov/paymentsystems/fr-payments-study.htm},
  journal = {Federal Reserve Board - Federal Reserve Payments Study (FRPS)},
  author  = {Federal Reserve},
  year    = {2023},
  month   = {Jul}
}

@book{ftc2021,
  author    = {Consumer Sentinel Network},
  editor    = {},
  publisher = {Federal Trade Commission},
  title     = {Data Book 2021},
  year      = {2021}
} 


@book{ftc2022,
  author    = {Consumer Sentinel Network},
  editor    = {},
  publisher = {Federal Trade Commission},
  title     = {Data Book 2022},
  year      = {2022}
}

@article{graphdb,
  author  = {Prusti, Debachudamani and Das, Daisy and Rath, Santanu Kumar},
  journal = {Arabian Journal for Science and Engineering},
  number  = {1-20},
  title   = {Credit Card Fraud Detection Technique by Applying Graph Database Model.},
  volume  = {46},
  year    = {2021}
}
